%%%%%%%%%%%% BOOKS %%%%%%%%%%%%
@book{mei1989applied,
  title={The Applied Dynamics of OceanSsurface Waves},
  author={\textsc{Mei, Chiang Chung}},
  year={1989},
  publisher={World scientific}
}
@book{applied,
  title={Dynamics},
  author={\textsc{Nei, Vel}},
  year={1988},
  publisher={World scientific}
}
@book{,
  title={Dynamics},
  author={\textsc{Atle, Jensen}},
  year={1988},
  publisher={World scientific}
}